@book{vazov1968,
    title={Асимптотические разложения решений обыкновенных дифференциальных уравнений},
    author={Вазов, В.Р. and Бутузов, В.Ф. and Васильева, А.Б.},
    url={https://books.google.ru/books?id=CwnfXwAACAAJ},
    year={1968},
    publisher={M: Мир}
}

@book{nayfeh1977,
    title={Методы возмущений},
    author={Найфэ, А.Х.},
    year={1977},
    publisher={M: Мир}
}

@book{coul1972,
    title={Методы возмущений в прикладной математике},
    author={Коул, Дж.},
    year={1972},
    publisher={M: Мир}
}

@book{vinogradov1977,
    title={Математическая Энциклопедия},
    author={Виноградов, И.М.},
    number={v. 1},
    lccn={77515331},
    series={Математическая энциклопедия},
    url={https://books.google.ru/books?id=Tr1ckgAACAAJ},
    year={1977},
    publisher={Советская энциклопедия}
}

@book{eliseev1999,
    title={Механика упругих тел},
    author={Елисеев, В.В.},
    year={1999},
    publisher={СПб.: Изд-во СПбРТУ}
}
